
@BOOK{Watterson:1989,
        title = {Scientific Progress Goes "Boink"},
	author = {Watterson, B.},
	url = {http://www.gocomics.com/calvinandhobbes/1989/10/30},
	year = {1991},
	publisher = {Andrews McMeel Publishing}
	}

@URL{Munroe:2010,
       title = {Science Montage},
       author = {Munroe, R.},
       howpublished = "\url{https://xkcd.com/683/}",
       note = {Visited Oct 23, 2017}
       }


